@book{seneca,
    author = {Seneca},
    year = {45},
    title = {Opere di Seneca},
    publisher = {Mondadori},
}

@book{nietzsche,
    author = {Nietzsche},
    year = {1888},
    title = {Ecce homo},
    publisher = {Feltrinelli},
}

@book{abbot,
    author = {Edwin Abbott Abbott},
    year = {2003},
    title = {Flatlandia},
    publisher = {Adelphi},
}
