@book{womak:lean-thinking,
    author  = {James P. Womack, Daniel T. Jones},
    title   = {Lean Thinking, Second Editon},
    publisher = {Simon \& Schuster, Inc.},
    year    = {2010}
}

@online{site:agile-manifesto,
    title   = {Manifesto Agile},
    url     = {http://agilemanifesto.org/iso/it/}
}

@online{site:oauth2-framework,
    title   = {OAuth 2.0 Authorization Framework},
    url     = {https://tools.ietf.org/html/rfc6749}
}

@online{site:oauth2,
    title   = {OAuth2},
    url     = {https://oauth.net/2}
}

@online{site:jwt,
    title   = {RTF JWT},
    url     = {https://oauth.net/2}
}

@online{site:rsa,
    title   = {RSA cryptosystem},
    url     = {https://tools.ietf.org/html/rfc7519}
}
