@book{eco:tesi,
  author       = {Eco, Umberto},
  title        = {Come si fa una tesi di laurea},
  publisher    = {Bompiani},
  date         = {1977},
  location     = {Milano},
}

@article{mori:tesi,
  author       = {Mori, Lapo Filippo},
  title        = {Scrivere la tesi di laurea con \LaTeXe},
  journaltitle = {Giornale},
  number       = {3},
  date         = {2007},
}

@manual{mori:poesie,
  author       = {Mori, Lapo Filippo},
  title        = {Scrivere poesie con \LaTeX},
  date         = {2007},
  url          = {http://www.guitex.org/},
}

@online{wiki:latex,
  title        = {\LaTeX{} su Wikipedia},
  date         = {2017},
  url          = {http://it.wikipedia.org/wiki/LaTeX},
  sortkey      = {wiki},
  label        = {wiki},
}